<record><leader>00000cas a22000007a 4500</leader><controlfield tag="001">23116996</controlfield><controlfield tag="008">910219d18871957mnudn ne      0    0eng d</controlfield><datafield ind1=" " ind2=" " tag="010"><subfield code="a">sn 90057532 </subfield></datafield><datafield ind1=" " ind2=" " tag="040"><subfield code="a">MN#</subfield><subfield code="b">eng</subfield><subfield code="c">MN#</subfield><subfield code="d">OCLCQ</subfield><subfield code="d">OCLCF</subfield><subfield code="d">OCLCO</subfield></datafield><datafield ind1="1" ind2=" " tag="029"><subfield code="a">AU@</subfield><subfield code="b">000025871934</subfield></datafield><datafield ind1=" " ind2=" " tag="042"><subfield code="a">msc</subfield></datafield><datafield ind1=" " ind2=" " tag="043"><subfield code="a">n-us-mn</subfield></datafield><datafield ind1=" " ind2=" " tag="052"><subfield code="a">4144</subfield><subfield code="b">M7</subfield></datafield><datafield ind1=" " ind2=" " tag="052"><subfield code="a">4143</subfield><subfield code="b">C5</subfield></datafield><datafield ind1="0" ind2=" " tag="130"><subfield code="a">Moorhead daily news (Moorhead, Minn. : 1887)</subfield></datafield><datafield ind1="1" ind2="0" tag="245"><subfield code="a">Moorhead daily news.</subfield></datafield><datafield ind1="1" ind2="7" tag="246"><subfield code="a">Evening news</subfield></datafield><datafield ind1=" " ind2=" " tag="260"><subfield code="a">Moorhead, Minn. :</subfield><subfield code="b">Geo. N. Lamphere,</subfield><subfield code="c">1887-1957.</subfield></datafield><datafield ind1=" " ind2=" " tag="300"><subfield code="a">70 v.</subfield></datafield><datafield ind1=" " ind2=" " tag="310"><subfield code="a">Daily (except Sunday),</subfield><subfield code="b">Nov. 8, 1887-Feb. 21, 1956</subfield></datafield><datafield ind1=" " ind2=" " tag="321"><subfield code="a">Daily (except Saturday, Sunday, and holidays),</subfield><subfield code="b">Feb. 22, 1956-July 19, 1957</subfield></datafield><datafield ind1="0" ind2=" " tag="362"><subfield code="a">Vol. 5, no. 184 (Nov. 8, 1887)-v. 74, no. 141 (July 19, 1957).</subfield></datafield><datafield ind1=" " ind2=" " tag="530"><subfield code="a">Available on microfilm from the Minnesota Historical Society.</subfield></datafield><datafield ind1=" " ind2=" " tag="580"><subfield code="a">Merged with: Fargo forum and Fargo daily tribune, to form: Fargo forum, daily tribune and Moorhead daily news; and with: Fargo forum and daily Republican, to form: Fargo forum, daily Republican and Moorhead daily news.</subfield></datafield><datafield ind1=" " ind2="0" tag="651"><subfield code="a">Moorhead (Minn.)</subfield><subfield code="v">Newspapers.</subfield></datafield><datafield ind1=" " ind2="7" tag="655"><subfield code="a">Newspapers.</subfield><subfield code="2">fast</subfield><subfield code="0">(OCoLC)fst01423814</subfield></datafield><datafield ind1=" " ind2="7" tag="651"><subfield code="a">Minnesota</subfield><subfield code="z">Moorhead.</subfield><subfield code="2">fast</subfield><subfield code="0">(OCoLC)fst01208413</subfield></datafield><datafield ind1=" " ind2=" " tag="752"><subfield code="a">United States</subfield><subfield code="b">Minnesota</subfield><subfield code="c">Clay</subfield><subfield code="d">Moorhead.</subfield></datafield><datafield ind1="0" ind2=" " tag="775"><subfield code="t">Moorhead weekly news</subfield><subfield code="w">(DLC)sn 90057513</subfield></datafield><datafield ind1="0" ind2="0" tag="780"><subfield code="t">Evening news (Moorhead, Minn.)</subfield><subfield code="w">(DLC)sn 90057512</subfield></datafield><datafield ind1="1" ind2="7" tag="785"><subfield code="t">Fargo forum and Fargo daily tribune</subfield><subfield code="w">(DLC)sn 84027336</subfield></datafield><datafield ind1="1" ind2="7" tag="785"><subfield code="t">Fargo forum and daily Republican</subfield><subfield code="w">(DLC)sn 85042224</subfield></datafield><datafield ind1="1" ind2="7" tag="785"><subfield code="t">Fargo forum, daily Republican and Moorhead daily news</subfield><subfield code="w">(DLC)sn 85042221</subfield></datafield><datafield ind1="1" ind2="7" tag="785"><subfield code="t">Fargo forum, daily tribune and Moorhead daily news</subfield><subfield code="w">(DLC)sn 86056953</subfield></datafield></record>